@book{gonzalez,
  author = {Gonzalez, Rafael C. and Woods, Richard E.},
  title = {Digital Image Processing (3rd Edition)},
  year = {2006},
  isbn = {013168728X},
  publisher = {Prentice-Hall, Inc.}
} 

@book{skolnik,
 author = {Skolnik, Merrill I.},
 title = {Introduction to RADAR Systems},
 year = {1962},
 isbn = {0070579091},
 publisher = {McGraw-Hill, Inc.}
}

@article{freedman,
  author = {David Freedman and Persi Diaconis},
  title = {On the histogram as a density estimator:L2 threory},
  year = {1981},
  volume = {57},
  number = {4},
  journal = {Probability Theory and Related Fields}
}

@mastersthesis{sayed,
  author = {Sayed Mahdi Saghaian Nejad Esfahani},
  title = {STATISTICAL MODELS FOR CONSTANT FALSE-ALARM RATE THRESHOLD ESTIMATION IN SOUND SOURCE DETECTION SYSTEMS},
  school = {University of Kentucky},
  year = {2010}
}

@inproceedings{shyam,
  author = {Kuttikkad, Shyam and Chellappa, Rama},
  booktitle = {IEEE International Conference on Image Processing},
  pages = {910-914},
  title = {Non-Gaussian CFAR Techniques for Target Detection in High Resolution SAR Images.},
  year = {1994}
}

@misc{northrop,
  author = {Northrop Grumman},
  title = {AN/ZPY-1 STARLite Small Tactical Radar},
  year = {2010},
  howpublished = "\url{http://www.es.northropgrumman.com/solutions/starlite/assets/starlite_sar_lg.jpg}",
  note = "[Online; accessed 17-December-2012]"
}

